
@article{levitis2021centering,
  title     = {Centering inclusivity in the design of online conferences—An OHBM--Open Science perspective},
  author    = {Levitis, Elizabeth and Van Praag, Cassandra D Gould and Gau, Remi and Heunis, Stephan and DuPre, Elizabeth and Kiar, Gregory and Bottenhorn, Katherine L and Glatard, Tristan and Nikolaidis, Aki and Whitaker, Kirstie Jane and others},
  journal   = {GigaScience},
  volume    = {10},
  number    = {8},
  pages     = {giab051},
  year      = {2021},
  publisher = {Oxford University Press}
}

@article{routier2021clinica,
  title     = {Clinica: An open-source software platform for reproducible clinical neuroscience studies},
  author    = {Routier, Alexandre and Burgos, Ninon and D{'\i}az, Mauricio and Bacci, Michael and Bottani, Simona and El-Rifai, Omar and Fontanella, Sabrina and Gori, Pietro and Guillon, J{'e}r{'e}my and Guyot, Alexis and others},
  journal   = {Frontiers in Neuroinformatics},
  volume    = {15},
  pages     = {689675},
  year      = {2021},
  publisher = {Frontiers Media SA}
}

@article{botvinik2020,
  author  = {Botvinik-Nezer, R. et al.},
  title   = {Variability in the analysis of a single neuroimaging dataset by many teams},
  journal = {Nature},
  year    = 2020
}

@article{taylor2023,
  author  = {Paul A Taylor et al.},
  title   = {Highlight Results, Don't Hide Them: Enhance interpretation, reduce biases and improve reproducibility},
  journal = {NeuroImage},
  year    = 2023
}

@article{nichols2017best,
  title     = {Best practices in data analysis and sharing in neuroimaging using MRI},
  author    = {Nichols, Thomas E and Das, Samir and Eickhoff, Simon B and Evans, Alan C and Glatard, Tristan and Hanke, Michael and Kriegeskorte, Nikolaus and Milham, Michael P and Poldrack, Russell A and Poline, Jean-Baptiste and others},
  journal   = {Nature neuroscience},
  volume    = {20},
  number    = {3},
  pages     = {299--303},
  year      = {2017},
  publisher = {Nature Publishing Group US New York}
}

@article{gorgolewski2016,
  title   = {The brain imaging data structure, a format for organizing and describing outputs of neuroimaging experiments},
  author  = {Gorgolewski, Krzysztof and Auer, Tibor and Calhoun, Vince et al.},
  journal = {Scientific Data},
  volume  = {3},
  pages   = {160044},
  year    = {2016},
  doi     = {10.1038/sdata.2016.44},
  url     = {https://doi.org/10.1038/sdata.2016.44}
}

@article{dunn2023,
  title   = {Minimal reporting guideline for research involving eye tracking (2023 edition)},
  author  = {Dunn, Michael J. and Alexander, Robert G. and Amiebenomo, Omogbolahan M. et al.},
  journal = {Behavior Research},
  year    = {2023},
  doi     = {10.3758/s13428-023-02187-1},
  url     = {https://doi.org/10.3758/s13428-023-02187-1}
}

@article{munafo2017manifesto,
  title     = {A manifesto for reproducible science},
  author    = {Munaf{\`o}, Marcus R and Nosek, Brian A and Bishop, Dorothy VM and Button, Katherine S and Chambers, Christopher D and Percie du Sert, Nathalie and Simonsohn, Uri and Wagenmakers, Eric-Jan and Ware, Jennifer J and Ioannidis, John},
  journal   = {Nature human behaviour},
  volume    = {1},
  number    = {1},
  pages     = {1--9},
  year      = {2017},
  publisher = {Nature Publishing Group}
}

@article{niso2022open,
  title     = {Open and reproducible neuroimaging: from study inception to publication},
  author    = {Niso, Guiomar and Botvinik-Nezer, Rotem and Appelhoff, Stefan and De La Vega, Alejandro and Esteban, Oscar and Etzel, Joset A and Finc, Karolina and Ganz, Melanie and Gau, Remi and Halchenko, Yaroslav O and others},
  journal   = {NeuroImage},
  pages     = {119623},
  year      = {2022},
  publisher = {Elsevier}
}

@article{gorgolewski2011nipype,
  title     = {Nipype: a flexible, lightweight and extensible neuroimaging data processing framework in python},
  author    = {Gorgolewski, Krzysztof and Burns, Christopher D and Madison, Cindee and Clark, Dav and Halchenko, Yaroslav O and Waskom, Michael L and Ghosh, Satrajit S},
  journal   = {Frontiers in neuroinformatics},
  volume    = {5},
  pages     = {13},
  year      = {2011},
  publisher = {Frontiers}
}

@article{markiewicz2021openneuro,
  title     = {The OpenNeuro resource for sharing of neuroscience data},
  author    = {Markiewicz, Christopher J and Gorgolewski, Krzysztof J and Feingold, Franklin and Blair, Ross and Halchenko, Yaroslav O and Miller, Eric and Hardcastle, Nell and Wexler, Joe and Esteban, Oscar and Goncavles, Mathias and others},
  journal   = {Elife},
  volume    = {10},
  pages     = {e71774},
  year      = {2021},
  publisher = {eLife Sciences Publications Limited}
}

@article{smout2021open,
  title     = {An open code pledge for the neuroscience community},
  author    = {Smout, Cooper and Holford, Dawn Liu and Garner, Kelly and Martinez, Paula Andrea and Campbell, Megan Ethel Janine and Khormi, Ibrahim and Gomes, Dylan GE and Bayer, Johanna Margarete Marianne and Bradley, Claire and Schettino, Antonio and others},
  year      = {2021},
  publisher = {Aperture Neuro}
}

@software{sina_mansour_l_2023_8238773,
  author    = {Mansour L., Sina and Bryant, Annie G. and Jeganathan, Jayson and Kai, Jason and Kuehn, Tristan and Sleiter, Darin Erat and Clarke, Natasha and Wright, Brooklyn and Dehestani, Niousha},
  title     = {sina-mansour/Cerebro\_Viewer: v0.0.10.4},
  month     = aug,
  year      = 2023,
  publisher = {Zenodo},
  version   = {v0.0.10.4},
  doi       = {10.5281/zenodo.8238773},
  url       = {https://doi.org/10.5281/zenodo.8238773}
}

@misc{Brett2020-nx,
  title     = {nipy/nibabel: 3.2.1},
  author    = {Brett, Matthew and Markiewicz, Christopher J and Hanke, Michael
               and C{\^o}t{\'e}, Marc-Alexandre and Cipollini, Ben and
               McCarthy, Paul and Jarecka, Dorota and Cheng, Christopher P and
               Halchenko, Yaroslav O and Cottaar, Michiel and Larson, Eric and
               Ghosh, Satrajit and Wassermann, Demian and Gerhard, Stephan and
               Lee, Gregory R and Wang, Hao-Ting and Kastman, Erik and
               Kaczmarzyk, Jakub and Guidotti, Roberto and Duek, Or and Daniel,
               Jonathan and Rokem, Ariel and Madison, Cindee and Moloney,
               Brendan and Morency, F{\'e}lix C and Goncalves, Mathias and
               Markello, Ross and Riddell, Cameron and Burns, Christopher and
               Millman, Jarrod and Gramfort, Alexandre and Lepp{\"a}kangas,
               Jaakko and S{\'o}lon, Anibal and van den Bosch, Jasper J F and
               Vincent, Robert D and Braun, Henry and Subramaniam, Krish and
               Gorgolewski, Krzysztof J and Raamana, Pradeep Reddy and Klug,
               Julian and Nichols, B Nolan and Baker, Eric M and Hayashi,
               Soichi and Pinsard, Basile and Haselgrove, Christian and Hymers,
               Mark and Esteban, Oscar and Koudoro, Serge and
               P{\'e}rez-Garc{\'\i}a, Fernando and Oosterhof, Nikolaas N and
               Amirbekian, Bago and Nimmo-Smith, Ian and Nguyen, Ly and
               Reddigari, Samir and St-Jean, Samuel and Panfilov, Egor and
               Garyfallidis, Eleftherios and Varoquaux, Gael and Legarreta, Jon
               Haitz and Hahn, Kevin S and Hinds, Oliver P and Fauber, Bennet
               and Poline, Jean-Baptiste and Stutters, Jon and Jordan, Kesshi
               and Cieslak, Matthew and Moreno, Miguel Estevan and Haenel,
               Valentin and Schwartz, Yannick and Baratz, Zvi and Darwin,
               Benjamin C and Thirion, Bertrand and Gauthier, Carl and
               Papadopoulos Orfanos, Dimitri and Solovey, Igor and Gonzalez,
               Ivan and Palasubramaniam, Jath and Lecher, Justin and Leinweber,
               Katrin and Raktivan, Konstantinos and Cal{\'a}bkov{\'a},
               Mark{\'e}ta and Fischer, Peter and Gervais, Philippe and Gadde,
               Syam and Ballinger, Thomas and Roos, Thomas and Reddam,
               Venkateswara Reddy and {freec}},
  publisher = {Zenodo},
  year      = 2020
}

@article{gau2021brainhack,
  title     = {Brainhack: Developing a culture of open, inclusive, community-driven neuroscience},
  author    = {Gau, R{\'e}mi and Noble, Stephanie and Heuer, Katja and Bottenhorn, Katherine L and Bilgin, Isil P and Yang, Yu-Fang and Huntenburg, Julia M and Bayer, Johanna MM and Bethlehem, Richard AI and Rhoads, Shawn A and others},
  journal   = {Neuron},
  volume    = {109},
  number    = {11},
  pages     = {1769--1775},
  year      = {2021},
  publisher = {Elsevier}
}

@book{Bernstein2004,
  title     = {Handbook of {MRI} {Pulse} {Sequences}},
  isbn      = {978-0-12-092861-3},
  url       = {https://linkinghub.elsevier.com/retrieve/pii/B9780120928613X50006},
  publisher = {Elsevier},
  author    = {Bernstein, Matt A. and King, Kevin F. and Zhou, Xiaohong Joe},
  year      = {2004},
  doi       = {10.1016/B978-0-12-092861-3.X5000-6},
  note      = {Publication Title: Handbook of MRI Pulse Sequences
               ISSN: 1053-1807}
}

@article{Brainhack2021,
  title     = {Proceedings of the {OHBM} {Brainhack} 2021},
  copyright = {All rights reserved},
  url       = {https://apertureneuro.org/article/77464-proceedings-of-the-ohbm-brainhack-2021},
  doi       = {10.52294/258801b4-a9a9-4d30-a468-c43646391211},
  language  = {en},
  urldate   = {2023-10-15},
  journal   = {Aperture Neuro},
  author    = {Nikolaidis, Aki and Manchini, Matteo and Auer, Tibor and L. Bottenhorn, Katherine and Alonso-Ortiz, Eva and Gonzalez-Escamilla, Gabriel and Valk, Sofie and Glatard, Tristan and Selim Atay, Melvin and M.M. Bayer, Johanna and Bijsterbosch, Janine and Algermissen, Johannes and Beck, Natacha and Bermudez, Patrick and Poyraz Bilgin, Isil and Bollmann, Steffen and Bradley, Claire and E.J. Campbell, Megan and Caron, Bryan and Civier, Oren and Pedro Coelho, Luis and El Damaty, Shady and Das, Samir and Dugré, Mathieu and Earl, Eric and Evas, Stefanie and Lopes Fischer, Nastassja and Fu Yap, De and G. Garner, Kelly and Gau, Remi and Ganis, Giorgio and G. E. Gomes, Dylan and Grignard, Martin and Guay, Samuel and Faruk Gulban, Omer and Hamburg, Sarah and O. Halchenko, Yaroslav and Hayot-Sasson, Valerie and Liu Holford, Dawn and Huber, Laurentius and Illanes, Manuel and Johnstone, Tom and Kalyani, Avinash and Kashyap, Kinshuk and Ke, Han and Khormi, Ibrahim and Kiar, Gregory and Ković, Vanja and Kuehn, Tristan and Kumar, Achintya and Lecours-Boucher, Xavier and Lührs, Michael and Luke, Robert and Madjar, Cecile and Mansour L., Sina and Markeweicz, Chris and Andrea Martinez, Paula and McCarroll, Alexandra and Michel, Léa and Moia, Stefano and Narayanan, Aswin and Niso, Guiomar and A. O’Brien, Emmet and Oudyk, Kendra and Paugam, François and G. Pavlov, Yuri and Poline, Jean-Baptiste and A. Poser, Benedikt and Provins, Céline and Reddy Raamana, Pradeep and Rioux, Pierre and Romero-Bascones, David and Sareen, Ekansh and Schettino, Antonio and Shaw, Alec and Shaw, Thomas and A. Smout, Cooper and Šoškié, Anđdela and Stone, Jessica and J Styles, Suzy and Sullivan, Ryan and Sunami, Naoyuki and Sundaray, Shamala and Wei Rou, Jasmine and Thanh Thuy, Dao and Tourbier, Sebastien and Urch, Sebastián and De La Vega, Alejandro and Viswarupan, Niruhan and Wagner, Adina and Walger, Lennart and Wang, Hao-Ting and Ting Woon, Fei and White, David and Wiggins, Christopher and Woods, Will and Yang, Yu-Fang and Zaytseva, Ksenia and D. Zhu, Judy and P. Zwiers, Marcel},
  month     = mar,
  year      = {2023},
  pages     = {87},
  file      = {Nikolaidis et al. - 2023 - Proceedings of the OHBM Brainhack 2021.pdf:/Users/faruk/Zotero/storage/MUBSB5NX/Nikolaidis et al. - 2023 - Proceedings of the OHBM Brainhack 2021.pdf:application/pdf}
}

@article{Scipy,
  title   = {{SciPy} 1.0: {Fundamental} {Algorithms} for {Scientific} {Computing} in {Python}},
  volume  = {17},
  doi     = {10.1038/s41592-019-0686-2},
  journal = {Nature Methods},
  author  = {Virtanen, Pauli and Gommers, Ralf and Oliphant, Travis E. and Haberland, Matt and Reddy, Tyler and Cournapeau, David and Burovski, Evgeni and Peterson, Pearu and Weckesser, Warren and Bright, Jonathan and van der Walt, Stéfan J. and Brett, Matthew and Wilson, Joshua and Millman, K. Jarrod and Mayorov, Nikolay and Nelson, Andrew R. J. and Jones, Eric and Kern, Robert and Larson, Eric and Carey, C J and Polat, İlhan and Feng, Yu and Moore, Eric W. and VanderPlas, Jake and Laxalde, Denis and Perktold, Josef and Cimrman, Robert and Henriksen, Ian and Quintero, E. A. and Harris, Charles R. and Archibald, Anne M. and Ribeiro, Antônio H. and Pedregosa, Fabian and van Mulbregt, Paul and {SciPy 1.0 Contributors}},
  year    = {2020},
  pages   = {261--272}
}

@article{Numpy,
  title   = {Array programming with {NumPy}},
  volume  = {585},
  url     = {https://doi.org/10.1038/s41586-020-2649-2},
  doi     = {10.1038/s41586-020-2649-2},
  number  = {7825},
  journal = {Nature},
  author  = {Harris, Charles R. and Millman, K. Jarrod and Walt, Stéfan J. van der and Gommers, Ralf and Virtanen, Pauli and Cournapeau, David and Wieser, Eric and Taylor, Julian and Berg, Sebastian and Smith, Nathaniel J. and Kern, Robert and Picus, Matti and Hoyer, Stephan and Kerkwijk, Marten H. van and Brett, Matthew and Haldane, Allan and Río, Jaime Fernández del and Wiebe, Mark and Peterson, Pearu and Gérard-Marchant, Pierre and Sheppard, Kevin and Reddy, Tyler and Weckesser, Warren and Abbasi, Hameer and Gohlke, Christoph and Oliphant, Travis E.},
  month   = sep,
  year    = {2020},
  note    = {Publisher: Springer Science and Business Media LLC},
  pages   = {357--362}
}

@misc{Brett2023-ia,
  title     = {nipy/nibabel: 5.1.0},
  author    = {Brett, Matthew and Markiewicz, Christopher J and Hanke, Michael
               and C{\^o}t{\'e}, Marc-Alexandre and Cipollini, Ben and
               McCarthy, Paul and Jarecka, Dorota and Cheng, Christopher P and
               Halchenko, Yaroslav O and Cottaar, Michiel and Larson, Eric and
               Ghosh, Satrajit and Wassermann, Demian and Gerhard, Stephan and
               Lee, Gregory R and Baratz, Zvi and Wang, Hao-Ting and Kastman,
               Erik and Kaczmarzyk, Jakub and Guidotti, Roberto and Daniel,
               Jonathan and Duek, Or and Rokem, Ariel and Madison, Cindee and
               Papadopoulos Orfanos, Dimitri and S{\'o}lon, Anibal and Moloney,
               Brendan and Morency, F{\'e}lix C and Goncalves, Mathias and
               Markello, Ross and Riddell, Cameron and Burns, Christopher and
               Millman, Jarrod and Gramfort, Alexandre and Lepp{\"a}kangas,
               Jaakko and van den Bosch, Jasper J F and Vincent, Robert D and
               Braun, Henry and Subramaniam, Krish and Van, Andrew and
               Gorgolewski, Krzysztof J and Raamana, Pradeep Reddy and Klug,
               Julian and Nichols, B Nolan and Baker, Eric M and Hayashi,
               Soichi and Pinsard, Basile and Haselgrove, Christian and Hymers,
               Mark and Esteban, Oscar and Koudoro, Serge and
               P{\'e}rez-Garc{\'\i}a, Fernando and Dock{\`e}s, J{\'e}r{\^o}me
               and Oosterhof, Nikolaas N and Amirbekian, Bago and Christian,
               Horea and Nimmo-Smith, Ian and Nguyen, Ly and Reddigari, Samir
               and St-Jean, Samuel and Panfilov, Egor and Garyfallidis,
               Eleftherios and Varoquaux, Gael and Legarreta, Jon Haitz and
               Hahn, Kevin S and Waller, Lea and Hinds, Oliver P and Fauber,
               Bennet and Perez, Fabian and Roberts, Jacob and Poline,
               Jean-Baptiste and Stutters, Jon and Jordan, Kesshi and Cieslak,
               Matthew and Moreno, Miguel Estevan and Hrn{\v c}iar, Tom{\'a}{\v
               s} and Haenel, Valentin and Schwartz, Yannick and Darwin,
               Benjamin C and Thirion, Bertrand and Gauthier, Carl and Solovey,
               Igor and Gonzalez, Ivan and Palasubramaniam, Jath and Lecher,
               Justin and Leinweber, Katrin and Raktivan, Konstantinos and
               Cal{\'a}bkov{\'a}, Mark{\'e}ta and Fischer, Peter and Gervais,
               Philippe and Gadde, Syam and Ballinger, Thomas and Roos, Thomas
               and Reddam, Venkateswara Reddy and {freec}},
  publisher = {Zenodo},
  year      = 2023
}
@article{Gardner1970,
  title   = {Mathematical {Games}: {The} fantastic combinations of {John} {Conway}’s new solitaire game “life”},
  volume  = {4},
  journal = {Scientific American},
  author  = {Gardner, M.},
  year    = {1970},
  pages   = {120--123}
}

@article{Moia2024,
  title     = {Proceedings of the {OHBM} Brainhack 2022},
  author    = {Moia, Stefano and Wang, Hao-Ting and Heinsfeld, Anibal S and
               Jarecka, Dorota and Yang, Yu Fang and Heunis, Stephan and
               Svanera, Michele and De Leener, Benjamin and Gondov{\'a}, Andrea
               and Kim, Sin and Basavaraj, Arshitha and Bayer, Johanna M M and
               Bayrak, Roza G and Bazin, Pierre-Louis and Bilgin, Isil Poyraz
               and Bollmann, Steffen and Borek, Daniel and Borghesani,
               Valentina and Cao, Trang and Chen, Gang and De La Vega,
               Alejandro and Dresbach, Sebastian and Ehses, Philipp and
               Ernsting, Jan and Esteves, In{\^e}s and Ferrante, Oscar and
               Garner, Kelly G and Gau, R{\'e}mi and Germani, Elodie and
               Ghafari, Tara and Ghosh, Satrajit S and Goodale, Sarah E and
               Gould van Praag, Cassandra D and Guay, Samuel and Gulban, Omer
               Faruk and Halchenko, Yaroslav O and Hanke, Michael and Herholz,
               Peer and Heuer, Katja and Hoffstaedter, Felix and Huang, Ruoqi
               and Huber, Renzo and Jensen, Ole and Keeratimahat, Kan and
               Kosciessa, Julian Q and Lukic, Sladjana and Magielse, Neville
               and Markiewicz, Christopher J and Martin, Caroline G and Maumet,
               Camille and Menacher, Anna and Mentch, Jeff and M{\"o}nch,
               Christian and More, Shammi and Muller-Rodriguez, Leonardo and
               Nastase, Samuel A and Nicolaisen-Sobesky, Eliana and Nielson,
               Dylan M and Nolan, Christopher R and Paugam, Fran{\c c}ois and
               Pinheiro-Chagas, Pedro and Pinho, Ana Lu{\'\i}sa and Pizzuti,
               Alessandra and Poldrack, Benjamin and Poser, Benedikt A and
               Rocca, Roberta and Sanz-Robinson, Jacob and Sarink, Kelvin and
               Sitek, Kevin R and Spychala, Nadine and Stirnberg, R{\"u}diger
               and Szczepanik, Micha{\l} and Torabi, Mohammad and Toro, Roberto
               and Urchs, Sebastian G W and Valk, Sofie L and Wagner, Adina S
               and Waite, Laura K and Waite, Alexander Q and Waller, Lea and
               Wishard, Tyler J and Wu, Jianxiao and Zhou, Yuchen and
               Bijsterbosch, Janine D and {The Physiopy Community}},
  journal   = {Aperture Neuro},
  publisher = {Organization for Human Brain Mapping},
  volume    = 4,
  month     = mar,
  year      = 2024,
  language  = {en}
}

@article{Epp2023,
  title     = {How can we reduce the climate costs of OHBM? A vision for a more sustainable meeting},
  volume    = {3},
  issn      = {2957-3963},
  url       = {http://dx.doi.org/10.52294/001c.87678},
  doi       = {10.52294/001c.87678},
  journal   = {Aperture Neuro},
  publisher = {Organization for Human Brain Mapping},
  author    = {Epp,  Samira and Jung,  Heejung and Borghesani,  Valentina and Kl\"{o}wer,  Milan and Hoeppli,  Marie-Eve and Misiura,  Maria and Thompson,  Elinor and Duncan,  Niall W. and Urai,  Anne E. and Veldsman,  Michele and Sadaghiani,  Sepideh and Rae,  Charlotte L.},
  year      = {2023},
  month     = aug
}